@book{hatcher:at,
  author = {Hatcher, Allen},
  title = {Algebraic Topology},
  year = {2002},
  publisher = {Cambridge University Press}}

@unpublished{hatcher:ss,
  author = {Hatcher, Allen},
  title = {Spectral Sequences in Algebraic Topology},
  year = {2004},
  url = {http://www.math.cornell.edu/~hatcher/SSAT/SSATpage.html}}

@article{serre:thesis,
  jstor_articletype = {research-article},
  title = {Homologie singulière des espaces fibrés},
  author = {Serre, Jean-Pierre},
  journal = {Annals of Mathematics},
  jstor_issuetitle = {},
  volume = {54},
  number = {3},
  series = {Second Series},
  jstor_formatteddate = {Nov., 1951},
  pages = {S. 425-505},
  //url = {http://www.jstor.org/stable/1969485},
  //ISSN = {0003486X},
  abstract = {},
  //language = {English},
  year = {1951},
  publisher = {Annals of Mathematics},
}
